% Encoding: UTF-8

%%%
%
%Beim Erstellen der Bibtex-Datei wird empfohlen darauf zu achten, dass die DOI aufgeführt wird.
%
%%%

@Book{WSPA,
  author    = {Sanjiva Weerawarana and Francisco Curbera and Frank Leymann and Tony Storey and Donald F. Ferguson},
  title     = {Web Services Platform Architecture : SOAP, WSDL, WS-Policy, WS-Addressing, WS-BPEL, WS-Reliable Messaging, and More},
  year      = {2005},
  publisher = {Prentice Hall PTR},
  isbn      = {0131488740},
  doi       = {10.1.1/jpb001},
}


% !! DO NOT USE `label =   {ASF}` in other Misc entries !!

@Misc{STJS2019,
  author    = {Sacha Greif and Raphaël Benitte},
  title     = {The State of JavaScript},
  year      = {2019},
  url       = {https://2019.stateofjs.com}
}

@Misc{RWC2019,
  author    = {Jacek Schae},
  title     = {A RealWorld Comparison of Front-End Frameworks with Benchmarks},
  year      = {2019},
  url       = {https://www.freecodecamp.org/news/a-realworld-comparison-of-front-end-frameworks-with-benchmarks-2019-update-4be0d3c78075}
}

@Misc{TJSF2019,
  author    = {Nikhil Tyagi},
  title     = {Top Front End JavaScript Frameworks},
  year      = {2019},
  url       = {https://www.lambdatest.com/blog/top-javascript-frameworks-for-2019}
}

@Article{RVvdA2016,
  author =    {H.A. Reijers and I. Vanderfeesten and W.M.P. van der Aalst},
  title =     {The effectiveness of workflow management systems: A longitudinal study},
  journal =   {International Journal of Information Management},
  year =      {2016},
  volume =    {36},
  number =    {1},
  pages =     {126--141},
  month =     feb,
  doi =       {10.1016/j.ijinfomgt.2015.08.003},
  publisher = {Elsevier {BV}}
}

@Book{Duden2001,
  author    = {Duden},
  title     = {Die Deutsche Rechtschreibung},
  year      = {2001},
  edition   = {22., völlig neu bearbeitete und erweiterte Auflage},
  note      = {Aktualisierter Nachdruck},
  publisher = {Dudenverlag},
  isbn      = {3-411-04012-2},
}

@Comment{jabref-meta: databaseType:biblatex;}
